@article{Angel2006,
author = {{\'{A}}ngel, Miguel and Gonz{\'{a}}lez, Garc{\'{i}}a and Castro, Juan Ramos and Costa, Pere J Riu},
file = {:C$\backslash$:/Users/Jean Carlo/AppData/Local/Mendeley Ltd./Mendeley Desktop/Downloaded/{\'{A}}ngel et al. - 2006 - Estimaci{\'{o}}n de la incertidumbre en la medida.pdf:pdf},
journal = {Estimaci{\'{o}}n de la Incertidumbre en Sistemas de Instrumentaci{\'{o}}n},
pages = {43 -- 94},
title = {{Estimaci{\'{o}}n de la incertidumbre en la medida, UPC}},
year = {2006}
}
@book{Buchmann2011,
abstract = {Batteries in a Portable World fills a definite need for practical information about rechargeable batteries. Quite often, performance specifications for batteries and chargers are based on ideal conditions. Manufacturers carry out battery tests on brand new equipment in a protected environment, removed from the stress of daily use. In Batteries in a Portable World, Mr. Buchmann observes the batter in everyday life in the hands of the common user.},
author = {Buchman, I},
booktitle = {Chemistry {\&} {\ldots}},
edition = {third edit},
isbn = {9780968211823},
issn = {1434193X},
keywords = {book},
mendeley-tags = {book},
pages = {148},
publisher = {Cadex Electronics Inc.},
title = {{Batteries in a Portable World: A Handbook on Rechargeable Batteries for Non-Engineers}},
year = {2001}
}
@misc{FordFloydE.1966,
abstract = {A solid state circuit providing an automatically variable

load for a battery under test as the terminal voltage of

the battery varies from a maximum to a minimum value.

The circuit employs an external source of constant volt

age and a variable setting for the current to be drawn.

The load comprises a ?rst section having a transistor and

a second section having variable resistors, voltage sensing

and current control means to vary the impedance of the

?rst section of the load.},
author = {{Ford Floyd E.}},
institution = {United States Patent Office},
keywords = {patente},
mendeley-tags = {patente},
pages = {3},
title = {{Constant current sink circuit}},
url = {https://www.google.com/patents/US3432743},
year = {1966}
}
@misc{IEC606222002,
abstract = {Accumulateurs alcalins et autres accumulateurs {\`{a}} {\'{e}}lectrolyte non acide – El{\'{e}}ments individuels parall{\'{e}}l{\'{e}}pip{\'{e}}diques rechargeables {\'{e}}tanches au nickel-cadmium Secondary cells and batteries containing alkaline or other non-acid electrolytes – Sealed nickel-cadmium prismatic rechargeable single cells Pour prix, voir catalogue en vigueur For price, see current catalogue  IEC 2002 Droits de reproduction r{\'{e}}serv{\'{e}}s  Copyright -all rights reserved Aucune partie de cette publication ne peut {\^{e}}tre reproduite ni utilis{\'{e}}e sous quelque forme que ce soit et par aucun proc{\'{e}}d{\'{e}}, {\'{e}}lectronique ou m{\'{e}}canique, y compris la photocopie et les microfilms, sans l'accord {\'{e}}crit de l'{\'{e}}diteur.},
author = {{IEC 60622}},
file = {:C$\backslash$:/Users/Jean Carlo/AppData/Local/Mendeley Ltd./Mendeley Desktop/Downloaded/IEC 60622 - 2002 - Secondary cells and batteries containing alkaline or other non-acid electrolytes – Sealed nickel-cadmium prismatic re.pdf:pdf},
pages = {8},
title = {{Secondary cells and batteries containing alkaline or other non-acid electrolytes – Sealed nickel-cadmium prismatic rechargeable single cells}},
url = {www.iec.ch},
year = {2002}
}
@article{Harris2015,
abstract = {This paper describes a time-domain approach for estimating the state of health (SOH) and remaining useful life (RUL) of a battery, with particular emphasis on LiFePO{\textless}inf{\textgreater}4{\textless}/inf{\textgreater} cells. In this methodology, a small test signal is superimposed on top of the battery load to trigger its transient dynamics. The resulting terminal voltage and current are measured, and a nonlinear least-squares routine is used to estimate the impedance parameters of the battery model. These parameter values are then used to track the SOH and RUL over time. Experimental results are presented. The approach requires minimal hardware and could be used to form the basis of a robust on-line monitoring system.},
author = {Harris, Anthony and O'Connor, Peter and Cox, Robert W.},
doi = {10.1109/IECON.2014.7048950},
file = {:C$\backslash$:/Users/Jean Carlo/AppData/Local/Mendeley Ltd./Mendeley Desktop/Downloaded/Harris, O'Connor, Cox - 2015 - A time-domain approach for monitoring battery state of health (SOH) and remaining useful life (RUL).pdf:pdf},
isbn = {9781479940325},
journal = {Proceedings, IECON 2014 - 40th Annual Conference of the IEEE Industrial Electronics Society},
keywords = {Diagrama de bloques,Energy Storage Systems TCPDF},
mendeley-tags = {Diagrama de bloques},
pages = {3083--3087},
title = {{A time-domain approach for monitoring battery state of health (SOH) and remaining useful life (RUL)}},
year = {2015}
}
@phdthesis{FerrerAlayeto2011,
abstract = {Cada vez m{\'{a}}s se utilizan bater{\'{i}}as para alimentar dispositivos debido a que la tecnolog{\'{i}}a avanza en la creaci{\'{o}}n de aparatos cada vez m{\'{a}}s peque{\~{n}}os, port{\'{a}}tiles y con muy bajo consumo. En un mundo donde prima la portabilidad en las comunicaciones, las bater{\'{i}}as han adquirido una gran importancia, ya que la necesidad de desplazarse sin dejar de comunicarse obliga a la mayor{\'{i}}a de dispositivos electr{\'{o}}nicos a funcionar mediante este tipo de fuentes de alimentaci{\'{o}}n. Viendo que estas nuevas tecnolog{\'{i}}as avanzan a una gran velocidad y que, pr{\'{a}}cticamente, todo el mundo tiene acceso a ellas, es l{\'{o}}gico pensar que el usuario debe tener conocimiento, en todo momento, de la autonom{\'{i}}a de su dispositivo, es decir, tiene que saber, m{\'{a}}s o menos, durante cuanto tiempo va a poder hacer uso del aparato. La manera de conocer este dato es sabiendo el estado de carga de la bater{\'{i}}a y as{\'{i}} estimar la duraci{\'{o}}n de funcionamiento del dispositivo.},
author = {{Ferrer Alayeto}, David and {Cuadras Tom{\'{a}}s}, Angel},
file = {:C$\backslash$:/Users/Jean Carlo/AppData/Local/Mendeley Ltd./Mendeley Desktop/Downloaded/Ferrer Alayeto, Cuadras Tom{\'{a}}s - 2011 - Circuito para la medici{\'{o}}n de la carga y la salud de bater{\'{i}}as.pdf:pdf},
keywords = {12 de setiembre de,2011,autor,david ferrer alayeto,de telecomunicaci{\'{o}}n,director,fecha,{\`{a}}ngel cuadras tom{\`{a}}s},
pages = {77},
school = {Universitat Polit{\'{e}}cnica de Catalunya},
title = {{Circuito para la medici{\'{o}}n de la carga y la salud de bater{\'{i}}as}},
url = {http://upcommons.upc.edu/pfc/bitstream/2099.1/13294/1/memoria.pdf},
year = {2011}
}
@misc{KEITHLEYaTektronixCompany,
abstract = {Instrumento de medici{\'{o}}n, Tektronix},
author = {{KEITHLEY a Tektronix Company}},
file = {:C$\backslash$:/Users/Jean Carlo/AppData/Local/Mendeley Ltd./Mendeley Desktop/Downloaded/KEITHLEY a Tektronix Company - Unknown - Series 2380 Programmable DC Electronic Loads Programmable DC Electronic Loads.pdf:pdf},
keywords = {DC Load,Instrumento},
mendeley-tags = {DC Load,Instrumento},
number = {Cc},
pages = {5},
title = {{Series 2380 Programmable DC Electronic Loads Programmable DC Electronic Loads}},
url = {http://www.tek.com/sites/tek.com/files/media/media/resources/2380-DataSheet.pdf}
}
@misc{NationalInstruments2000,
abstract = {Instrumento de medici{\'{o}}n NI PXI-4130 de National Instruments},
author = {{National Instruments}},
file = {:C$\backslash$:/Users/Jean Carlo/AppData/Local/Mendeley Ltd./Mendeley Desktop/Downloaded/National Instruments - 2000 - 20 V , 2 A Source Measure Unit.pdf:pdf},
keywords = {Instrumento,National Instruments,Source measure Unit},
mendeley-tags = {Instrumento,National Instruments,Source measure Unit},
pages = {1--6},
title = {{20 V , 2 A Source Measure Unit}},
url = {http://sine.ni.com/nips/cds/view/p/lang/en/nid/204239},
year = {2000}
}
@misc{MIT-2008,
abstract = {A battery is a device that converts chemical energy into electrical energy and vice versa. This summary provides an introduction to the terminology used to describe, classify, and compare batteries for hybrid, plug-in hybrid, and electric vehicles. It provides a basic background, defines the variables used to characterize battery operating conditions, and describes the manufacturer specifications used to characterize battery nominal and maximum characteristics. Battery Basics • Cell, modules, and packs – Hybrid and electric vehicles have a high voltage battery pack that consists of individual modules and cells organized in series and parallel. A cell is the smallest, packaged form a battery can take and is generally on the order of one to six volts. A module consists of several cells generally connected in either series or parallel. A battery pack is then assembled by connecting modules together, again either in series or parallel. • Battery Classifications – Not all batteries are created equal, even batteries of the same chemistry. The main trade-off in battery development is between power and energy: batteries can be either high-power or high-energy, but not both. Often manufacturers will classify batteries using these categories. Other common classifications are High Durability, meaning that the chemistry has been modified to provide higher battery life at the expense of power and energy.},
author = {{MIT - Massachusetts Institute of Technology}},
booktitle = {December},
file = {:C$\backslash$:/Users/Jean Carlo/AppData/Local/Mendeley Ltd./Mendeley Desktop/Downloaded/MIT - Massachusetts Institute of Technology - 2008 - A Guide to Understanding Battery Specifications.pdf:pdf},
pages = {3},
title = {{A Guide to Understanding Battery Specifications}},
url = {mit.edu/evt/summary{\_}battery{\_}specifications.pdf},
urldate = {2016-05-26},
year = {2008}
}
@misc{MaynuoElectronic,
abstract = {Instrumento de Medicion Chino},
annote = {Indica el instrumento y datos especificos.},
author = {{Maynuo Electronic}},
file = {:C$\backslash$:/Users/Jean Carlo/AppData/Local/Mendeley Ltd./Mendeley Desktop/Downloaded/Maynuo Electronic - Unknown - Maynuo Electronic Co ., Ltd---M9100 Multi Solar Battery Test System Electronic Load Power Sources Maynuo.pdf:pdf},
keywords = {Instrumento},
mendeley-tags = {Instrumento},
title = {{Maynuo Electronic Co ., Ltd---M9100 Multi Solar Battery Test System | Electronic Load | Power Sources Maynuo Electronic Co ., Ltd---M9100 Multi Solar Battery Test System | Electronic Load | Power Sources}},
url = {http://www.maynuo.com/english/xpro.asp?pid=54}
}
@misc{TexasInstruments2016,
abstract = {Ideal for space-critical applications, the LM4040-N
precision voltage reference is available in the subminiature
SC70 and SOT-23 surface-mount package.
The advanced design of the LM4040-N eliminates the
need for an external stabilizing capacitor while
ensuring stability with any capacitive load, thus
making the LM4040-N easy to use. Further reducing
design effort is the availability of several fixed reverse
breakdown voltages: 2.048 V, 2.5 V, 3 V, 4.096 V, 5
V, 8.192 V, and 10 V. The minimum operating current
increases from 60 $\mu$A for the 2.5-V LM4040-N to 100
$\mu$A for the 10-V LM4040-N. All versions have a
maximum operating current of 15 mA.},
author = {{Texas Instruments}},
file = {:C$\backslash$:/Users/Jean Carlo/AppData/Local/Mendeley Ltd./Mendeley Desktop/Downloaded/Texas Instruments - 2016 - LM4040-N-Q1 Precision Micropower Shunt Voltage Reference.pdf:pdf},
pages = {66},
title = {{LM4040-N/-Q1 Precision Micropower Shunt Voltage Reference}},
url = {http://www.ti.com/lit/ds/symlink/lm4040-n.pdf},
urldate = {2016-11-25},
year = {2016}
}
@misc{ElectricalEngineeringCommunity,
author = {{Electrical Engineering Community}},
pages = {1},
title = {{External PCB Trace Max Current | Electronics and Electrical Engineering Tools | EEWeb Community}},
url = {https://www.eeweb.com/toolbox/external-pcb-trace-max-current},
urldate = {2016-11-24}
}
@misc{Mparmpas,
author = {Mparmpas122321},
booktitle = {18 Julio},
title = {{6V DC Motor Battery}},
url = {https://www.element14.com/community/thread/36600/l/6v-dc-motor-battery},
urldate = {2016-04-29},
year = {2014}
}
@misc{Company,
abstract = {Instrumento de medici{\'{o}}n C8000 Cadex},
annote = {M{\'{e}}todos de descarga:

Corriente (I) constante

Potencia (W) constante

Cadex C8000},
author = {Company, Cadex},
file = {:C$\backslash$:/Users/Jean Carlo/AppData/Local/Mendeley Ltd./Mendeley Desktop/Downloaded/Company - Unknown - Cadex C8000 Technical Specifications.pdf:pdf},
keywords = {Cadex,DC Load,Instrumento},
mendeley-tags = {Cadex,DC Load,Instrumento},
title = {{Cadex C8000 Technical Specifications}},
url = {http://www.cadex.com/{\_}content/C8000-Specifications.pdf}
}
@misc{CENTROESPANOLDEMETROLOGIA2008,
author = {{CENTRO ESPA{\~{N}}OL DE METROLOGIA}},
file = {:C$\backslash$:/Users/Jean Carlo/AppData/Local/Mendeley Ltd./Mendeley Desktop/Downloaded/CENTRO ESPA{\~{N}}OL DE METROLOGIA - 2008 - Evaluaci{\'{o}}n de datos de medici{\'{o}}n Gu{\'{i}}a para la Expresi{\'{o}}n de la Incertidumbre de Medida.pdf:pdf},
title = {{Evaluaci{\'{o}}n de datos de medici{\'{o}}n Gu{\'{i}}a para la Expresi{\'{o}}n de la Incertidumbre de Medida}},
url = {http://www.cem.es/sites/default/files/gum20digital1202010.pdf},
urldate = {2016-05-27},
volume = {1},
year = {2008}
}
@misc{ChristopherMims,
abstract = {El autor menciona y advierte la desaceleraci{\'{o}}n tecnol{\'{o}}gica debido al poco avance que se ha realizado en las bater{\'{i}}as},
author = {{Christopher Mims}},
booktitle = {The Wall Street Journal},
keywords = {estado del arte},
mendeley-tags = {estado del arte},
title = {{Tech World Vexed by Slow Progress on Batteries}},
url = {http://www.wsj.com/articles/tech-world-vexed-by-slow-progress-on-batteries-1412552377},
urldate = {2016-05-26}
}
@misc{Semiconductor2013,
author = {Semiconductor, Fairchild},
pages = {10},
publisher = {ON Semiconductor},
title = {{FQP4N20L N-Channel QFET MOSFET}},
url = {https://www.fairchildsemi.com/datasheets/FQ/FQP4N20L.pdf},
year = {2013}
}
@misc{Cadexcompany,
abstract = {Instrumento de medici{\'{o}}n C7x00 Cadex},
annote = {Cadex electronics C7x00{\_}specs},
author = {Cadex company},
file = {:C$\backslash$:/Users/Jean Carlo/AppData/Local/Mendeley Ltd./Mendeley Desktop/Downloaded/Cadex company - Unknown - Cadex C7600.pdf:pdf},
keywords = {C7000,Cadex,Instrumento},
mendeley-tags = {C7000,Cadex,Instrumento},
title = {{Cadex C7600}},
url = {http://www.cadex.com/{\_}content/C7x00{\_}C-Series{\_}Brochure.pdf}
}
@article{Qiu2007,
abstract = {A multi-channel high precision test system for performance of rechargeable battery based on the AT89S52 microcontroller is presented. The system uses 24-bit ADC LTC2498, 16-bit DAC MAX541 and low temperature drift, low-noise voltage source MAX6033 to achieve high precision and high accuracy test. It realizes the functions of testing rechargeable battery performance, such as constant current charge, constant voltage charge and constant current discharge. The hardware and software of this system are also introduced.},
author = {Qiu, Jieting and Chen, Rujun and Tang, Bo and Wei, Honglan},
doi = {10.1109/ICEMI.2007.4350607},
file = {:C$\backslash$:/Users/Jean Carlo/AppData/Local/Mendeley Ltd./Mendeley Desktop/Downloaded/Qiu et al. - 2007 - Multi-channel high precision battery test system.pdf:pdf},
isbn = {1424411351},
journal = {2007 8th International Conference on Electronic Measurement and Instruments, ICEMI},
keywords = {AT89S52,Battery test,Constant current charging-discharging,Constant voltage charging,Diagrama de bloques},
mendeley-tags = {Diagrama de bloques},
pages = {1932--1935},
title = {{Multi-channel high precision battery test system}},
year = {2007}
}
@misc{IEC619602011,
abstract = {Secondary cells and batteries containing alkaline or other non-acid electrolytes – Secondary lithium cells and batteries for portable applications},
author = {{IEC 61960}},
file = {:C$\backslash$:/Users/Jean Carlo/AppData/Local/Mendeley Ltd./Mendeley Desktop/Downloaded/IEC 61960 - 2011 - Secondary cells and batteries containing alkaline or other non-acid electrolytes – Secondary lithium cells and batter.pdf:pdf},
pages = {10},
title = {{Secondary cells and batteries containing alkaline or other non-acid electrolytes – Secondary lithium cells and batteries for portable applications}},
url = {https://webstore.iec.ch/preview/info{\_}iec61960{\%}7Bed2.0{\%}7Db.pdf},
year = {2011}
}
@misc{Elieteyssedou,
author = {Elieteyssedou},
booktitle = {15 abril},
title = {{2100 mAh - Raspberry Pi 3 B}},
url = {https://forums.adafruit.com/viewtopic.php?f=31{\&}t=91633{\&}p=461439{\&}hilit=capacity+of+battery{\#}p461439},
urldate = {2016-04-29},
year = {2016}
}
@misc{capacityloss,
author = {Battery university},
pages = {1},
title = {{Capacity loss and discovering what causes a battery to fade - Battery University}},
url = {http://batteryuniversity.com/learn/article/capacity{\_}loss},
urldate = {2016-05-22},
year = {2016}
}
@article{Ping2012,
author = {Ping, Lou},
doi = {10.1049/cp.2012.2349},
file = {:C$\backslash$:/Users/Jean Carlo/AppData/Local/Mendeley Ltd./Mendeley Desktop/Downloaded/Ping - 2012 - VRLA batteries internal resistances on-line measurement based on twice constant discharge method.pdf:pdf},
isbn = {978-1-84919-641-3},
journal = {IET International Conference on Information Science and Control Engineering 2012 (ICISCE 2012)},
keywords = {Diagrama de bloques,discharge,internal resistance,of discharge to measure,on-line measurement,s,switching network,the cell,twice,using a new method,vrla battery},
mendeley-tags = {Diagrama de bloques},
pages = {2.36--2.36},
title = {{VRLA batteries internal resistances on-line measurement based on twice constant discharge method}},
url = {http://digital-library.theiet.org/content/conferences/10.1049/cp.2012.2349},
volume = {1},
year = {2012}
}
@misc{measurecapacity,
author = {{Battery University}},
pages = {1},
title = {{BU-904: How to Measure Capacity – Battery University}},
url = {http://batteryuniversity.com/learn/article/how{\_}to{\_}measure{\_}capacity},
urldate = {2016-05-22},
year = {2016}
}
@misc{IEC60086-22015,
abstract = {This part was prepared to benefit primary battery users, device designers and battery manufacturers by furnishing the specifics of form, fit and function for individual standardized primary cells and batteries. Over the years, this part has been changed to improve its contents and may again be revised in due course in the light of comments made by national committees and experts on the basis of practical experience and changing technology.},
author = {{IEC 60086-2}},
file = {:C$\backslash$:/Users/Jean Carlo/AppData/Local/Mendeley Ltd./Mendeley Desktop/Downloaded/IEC 60086-2 - 2015 - Primary batteries – Part 2 Physical and electrical specifications.pdf:pdf},
pages = {7},
title = {{Primary batteries – Part 2: Physical and electrical specifications}},
url = {www.iec.ch},
year = {2015}
}
@misc{TexasInstruments2015,
abstract = {The LM135 series are precision, easily-calibrated,
1• Directly Calibrated to the Kelvin Temperature
integrated circuit temperature sensors. Operating as Scale
a 2-terminal zener, the LM135 has a breakdown
• 1°C Initial Accuracy Available voltage directly proportional to absolute temperature
• Operates from 400 $\mu$A to 5 mA at 10 mV/°K. With less than 1-$\Omega$ dynamic impedance,
• Less than 1-$\Omega$ Dynamic Impedance the device operates over a current range of 400 $\mu$A to
5 mA with virtually no change in performance. When
• Easily Calibrated calibrated at 25°C, the LM135 has typically less than
• Wide Operating Temperature Range 1°C error over a 100°C temperature range. Unlike
• 200°C Overrange other sensors, the LM135 has a linear output.},
author = {{Texas Instruments}},
file = {:C$\backslash$:/Users/Jean Carlo/AppData/Local/Mendeley Ltd./Mendeley Desktop/Downloaded/Texas Instruments - 2015 - LMx35, LMx35A Precision Temperature Sensors.pdf:pdf},
pages = {28},
title = {{LMx35, LMx35A Precision Temperature Sensors}},
url = {http://www.ti.com/lit/ds/symlink/lm135.pdf},
urldate = {2016-11-25},
year = {2015}
}
@article{IEC61236-12012,
abstract = {In addition to the scope of IEC 61326-1, this part of IEC 61326 specifies more detailed test configurations, operational conditions and performance criteria for equipment covered by Annex A of IEC 61326-1 which is: – used for testing, measuring or monitoring of protective measures in low-voltage distribution systems, and; – powered by battery and/or from the circuit measured, and – portable.},
author = {{IEC 61236-1}},
title = {{Electrical equipment for measurement, control and laboratory use – EMC requirements – Part 2-2: Particular requirements – Test configurations, operational conditions and performance criteria for portable test, measuring and monitoring equipment used in lo}},
url = {https://webstore.iec.ch/preview/info{\_}iec61326-2-2{\%}7Bed2.0{\%}7Db.pdf},
year = {2012}
}
@misc{Tinnemeyer,
abstract = {PatenteA system for determining the state-of-health of batteries has an adaptive component. The system tests a battery by measuring a number of electrochemical parameters and using fuzzy logic to compute a state-of-health for the battery. The fuzzy logic computations are based upon membership functions which are preferably triangular. The membership functions may be stored in a matrix. The adaptive component adapts the system for use with new models of battery by obtaining a reliable measurement of SoH for a number of calibration batteries. Electrochemical parameters of the calibration batteries are measured. The adaptive component modifies a prototype matrix selected to match the chemistry type of the calibration batteries by scaling, translating and flexing its membership functions to achieve a matrix which specifies membership functions suitable for assessing state-of-health of the new model of battery. del instrumento Cadex},
annote = {Patente completa del instrumento de Cadex.},
author = {Tinnemeyer, Jorn},
file = {:C$\backslash$:/Users/Jean Carlo/AppData/Local/Mendeley Ltd./Mendeley Desktop/Downloaded/Tinnemeyer - Unknown - Fuzzy logic method and apparatus for battery state of health determination.pdf:pdf},
institution = {United States Patent and Trademark Office},
keywords = {Diagrama de bloques,patente},
mendeley-tags = {Diagrama de bloques,patente},
title = {{Fuzzy logic method and apparatus for battery state of health determination}},
url = {http://patft.uspto.gov/netacgi/nph-Parser?Sect1=PTO1{\&}Sect2=HITOFF{\&}d=PALL{\&}p=1{\&}u=/netahtml/PTO/srchnum.htm{\&}r=1{\&}f=G{\&}l=50{\&}s1=7,072,871.PN.{\&}OS=PN/7,072,871{\&}RS=PN/7,072,871}
}
@book{LoiusNashelskyyRobertL.Boylestad2009,
address = {Naucalpan de Ju{\'{a}}rez},
author = {{Loius Nashelsky y Robert L. Boylestad}},
edition = {10ma},
isbn = {9786074422924},
pages = {912},
publisher = {Pearson},
title = {{ELECTR{\'{O}}NICA: TEOR{\'{I}}A DE CIRCUITOS Y DISPOSITIVOS ELECTR{\'{O}}NICOS 10ED}},
year = {2009}
}
@misc{IPC2003,
author = {connecting electronics industries IPC, Association},
file = {:C$\backslash$:/Users/Jean Carlo/AppData/Local/Mendeley Ltd./Mendeley Desktop/Downloaded/IPC - 2003 - Ipc-2221a.pdf:pdf},
number = {May},
title = {{Ipc-2221a}},
url = {http://sisko.colorado.edu/CRIA/FILES/REFS/Electronics/IPC{\_}2221A.pdf},
urldate = {2016-11-24},
year = {2003}
}
